
@misc{blume,
    title={Top 4 Automotive supply CHAIN challenges and solutions}, url={https://www.blumeglobal.com/learning/automotive-supply-chain/},
    journal={Blume Global}
}

@misc{shortage,
    title={New forecast says chip shortage to cost the car industry \$210 billion}, url={https://www.freep.com/story/money/cars/2021/09/23/chip-shortage-cost-car-industry-210-billion/5819654001/}, 
    journal={Blume Global},
    year={2021}
}

@misc{hbr,
    title={Building a Transparent Supply Chain},
    url={https://hbr.org/2020/05/building-a-transparent-supply-chain},
    journal={Harvard Business Review},
    year={2020}
}

@misc{dus,
    title={Using Blockchain to Drive Supply Chain Transparency and Innovation},
    url={https://www2.deloitte.com/us/en/pages/operations/articles/blockchain-supply-chain-innovation.html},
    journal={Deloitte United States},
    year={2021}
}

@misc{edi,
    author={Jardini B},
    title={The complexity of Electronic Data Interchange (EDI) compliance for automotive supply chain},
    journal={IEEM},
    year={2015}
}
 @misc{choudhurry_2020, title={What are the major supply chain challenges impacting the automotive industry? request a free proposal from SpendEdge for comprehensive insights}, url={https://www.businesswire.com/news/home/20200224005573/en/What-are-the-Major-Supply-Chain-Challenges-Impacting-the-Automotive-Industry-Request-a-FREE-Proposal-from-SpendEdge-for-Comprehensive-Insights}, journal={Business Wire}, author={Choudhurry, Anirban}, year={2020}, month={Feb}} 